<?xml version="1.0" encoding="UTF-8"?><record xmlns="http://www.loc.gov/MARC21/slim" xmlns:cinclude="http://apache.org/cocoon/include/1.0" xmlns:zs="http://www.loc.gov/zing/srw/">
  <leader>00429cz  a2200133n  4500</leader>
  <controlfield tag="001">n  85097693 </controlfield>
  <controlfield tag="003">DLC</controlfield>
  <controlfield tag="005">20080620073413.0</controlfield>
  <controlfield tag="008">850916n| acannaabn          |n ana      </controlfield>
  <datafield tag="010" ind1=" " ind2=" ">
    <subfield code="a">n  85097693 </subfield>
  </datafield>
  <datafield tag="035" ind1=" " ind2=" ">
    <subfield code="a">(OCoLC)oca01427939</subfield>
  </datafield>
  <datafield tag="040" ind1=" " ind2=" ">
    <subfield code="a">DLC</subfield>
    <subfield code="b">eng</subfield>
    <subfield code="c">DLC</subfield>
    <subfield code="d">OCoLC</subfield>
  </datafield>
  <datafield tag="110" ind1="2" ind2=" ">
    <subfield code="a">Instituto Mexicano del Café.</subfield>
    <subfield code="b">Dirección General</subfield>
  </datafield>
  <datafield tag="670" ind1=" " ind2=" ">
    <subfield code="a">Bibliocafé, enero 1979,</subfield>
    <subfield code="b">surrogate p. i (Instituto Mexicano del Café, Dirección General)</subfield>
  </datafield>
</record>